@InProceedings{ Furer:2008:ACE:1429791.1429826,
	author = {Martin F{\"u}rer and Shiva {Prasad Kasiviswanathan}},
	title = "Approximately Counting Embeddings into Random Graphs",
	booktitle = "Proceedings of the 11th international workshop, APPROX 2008, and 12th international workshop, RANDOM 2008 on Approximation, Randomization and Combinatorial Optimization: Algorithms and Techniques",
	series = "APPROX '08 / RANDOM '08",
	year = "2008",
	isbn = "978-3-540-85362-6",
	location = "Boston, MA, USA",
	pages = "416--429",
	numpages = "14",
	url = "http://dx.doi.org/10.1007/978-3-540-85363-3_33",
	doi = "http://dx.doi.org/10.1007/978-3-540-85363-3\\\\\_33",
	acmid = "1429826",
	publisher = "Springer-Verlag",
	address = "Berlin, Heidelberg"
}

@Article{ DBLP:journals/cpc/Riordan00,
	author = "Oliver Riordan",
	title = "Spanning Subgraphs Of Random Graphs",
	journal = "Combinatorics, Probability {\&} Computing",
	volume = "9",
	number = "2",
	year = "2000",
	pages = "125--148",
	ee = "http://journals.cambridge.org/action/displayAbstract?aid=46773",
	bibsource = "DBLP, http://dblp.uni-trier.de"
}

@Article{ gilbert,
	title = "Random Graphs",
	author = "Edgar Gilbert",
	journal = "Annals of Mathematical Statistics",
	pages = "1141--1144",
	volume = "30",
	year = "1959"
}

@Article{ Erdos1959,
	author = "P. Erd\H{o}s and A. R{\'e}nyi",
	citeulike-article-id = "2547689",
	journal = "Publ. Math. Debrecen",
	keywords = "bibtex-import, network",
	mrnumber = "MR0120167 (22 \#10924)",
	pages = "290--297",
	posted-at = "2008-03-17 20:32:11",
	priority = "2",
	title = "On random graphs. {I}",
	volume = "6",
	year = "1959"
}

