@InProceedings{ paper2,
	author = "Pascal {Van Hentenryck} and Yannis Vergados",
	title = "Traveling Tournament Scheduling: A Systematic Evaluation of Simulated Annealing",
	booktitle = "CPAIOR",
	year = "2006",
	pages = "228--243",
	bibsource = "DBLP, http://dblp.uni-trier.de",
	ee = "http://dx.doi.org/10.1007/11757375\\_19"
}

@Article{ paper,
	author = "Aris Anagnostopoulos and Laurent Dominique Michel and Pascal {Van Hentenryck} and Yannis Vergados",
	title = "A simulated annealing approach to the traveling tournament problem",
	journal = "Journal of Scheduling",
	year = "2006",
	volume = "9",
	pages = "177--193",
	affiliation = "Brown University Box 1910 Providence RI 02912 Box 1910 Providence RI 02912",
	doi = "http://dx.doi.org/10.1007/s10951-006-7187-8",
	issn = "1094-6136",
	issue = "2",
	keyword = "Computer Science",
	publisher = "Springer Netherlands"
}

@Book{ metaheuristics,
	title = "Metaheuristics for Hard Optimization: Methods and Case Studies",
	publisher = "Springer-Verlag",
	year = "2006",
	author = "Johann Dr{\'e}o and Alain P{\'e}trowski and Eric Taillard",
	pages = "369",
	owner = "Li",
	timestamp = "2011.03.13"
}

@InProceedings{ ttp,
	author = "Kelly Easton and George Nemhauser and Michael Trick",
	title = "The Traveling Tournament Problem Description and Benchmarks",
	booktitle = "Proceedings of the 7th International Conference on Principles and Practice of Constraint Programming",
	year = "2001",
	volume = "2239",
	pages = "580--584"
}

@Article{ simulatedannealing,
	author = "Scott Kirkpatrick and Jr. D. Gelatt and Mario P. Vecchi",
	title = "Optimization by Simulated Annealing",
	journal = "Science",
	year = "1983",
	volume = "220",
	pages = "671--680",
	number = "4598"
}

@Article{ betterneighborhood,
	author = "Glenn Langford",
	title = "An Improved Neighbourhood for the Traveling Tournament Problem",
	journal = "CoRR",
	year = "2010",
	volume = "abs/1007.0501",
	pages = "1--12"
}

@Article{ parallelSA,
	author = {Esin Onba\c{s}o\u{g}lu and Linet {\"O}zdamar},
	title = "Parallel Simulated Annealing Algorithms in Global Optimization",
	journal = "Journal of Global Optimization",
	year = "2001",
	volume = "19",
	pages = "27--50",
	month = "January",
	acmid = "596346",
	address = "Hingham, MA, USA",
	doi = "10.1023/A:1008350810199",
	issn = "0925-5001",
	issue = "1",
	keywords = "Global optimization, Parallel simulated annealing",
	numpages = "24",
	publisher = "Kluwer Academic Publishers",
	url = "http://portal.acm.org/citation.cfm?id=596088.596346"
}

@Article{ parallelSA2,
	author = "D. Janaki Ram and T. H. Sreenivas and K. Ganapathy Subramaniam",
	title = "Parallel simulated annealing algorithms",
	journal = "Journal of Parallel and Distributed Computing",
	year = "1996",
	volume = "37",
	pages = "207--212",
	month = "September",
	acmid = "241836",
	address = "Orlando, FL, USA",
	doi = "10.1006/jpdc.1996.0121",
	issn = "0743-7315",
	issue = "2",
	numpages = "6",
	publisher = "Academic Press, Inc.",
	url = "http://portal.acm.org/citation.cfm?id=241803.241836"
}

@InProceedings{ heuristicApproach,
	author = "Frederick Ryckbosch and Greet {Vanden Berghe} and Graham Kendall",
	title = "A Heuristic Approach for the Travelling Tournament Problem using Optimal Travelling Salesman Tours",
	booktitle = "Proceedings of the 7th international conference on practice and theory of automated timetabling ",
	year = "2008"
}

@Manual{ matlab,
	title = "Techniques for Improving Performance",
	author = "{The MathWorks, Inc.}",
	year = "2011",
	note = "\url{http://www.mathworks.com/help/techdoc/matlab_prog/f8-784135.html}"
}

@Misc{ website,
	author = "Michael Trick",
	title = "Challenge Traveling Tournament Problems",
	year = "2011",
	note = "\url{http://mat.gsia.cmu.edu/TOURN/}"
}

@InProceedings{ populationSA,
	author = "Pascal {Van Hentenryck} and Yannis Vergados",
	title = "Population-based simulated annealing for traveling tournaments",
	booktitle = "Proceedings of the 22nd national conference on Artificial intelligence",
	volume = 1,
	year = "2007",
	isbn = "978-1-57735-323-2",
	location = "Vancouver, British Columbia, Canada",
	pages = "267--272",
	numpages = "6",
	url = "http://portal.acm.org/citation.cfm?id=1619645.1619688",
	acmid = "1619688",
	publisher = "AAAI Press"
}

@ARTICLE{ hybrid,
    author = {Brian Rodrigues and A. Lim and B. Rodrigues and X. Zhang},
    title = {A simulated annealing and hill-climbing algorithm for the traveling tournament problem},
    journal = {European Journal of Operational Research},
    year = {2006},
    volume = {174},
    pages = {1459--1478}
}

@INPROCEEDINGS{ distributedSA,
    author = {R. Diekmann and R. LÃ¼ling and J. Simon},
    title = {Problem Independent Distributed Simulated Annealing and Its Applications},
    booktitle = {Applications, Applied Simulated Annealing, Lecture Notes in Economics and Mathematical Systems, Springer LNEMS 396},
    year = {1993},
    pages = {17--44},
    publisher = {Springer}
}

